<?xml version="1.0" encoding="UTF-8"?><collection xmlns="http://www.loc.gov/MARC21/slim"><record><leader>00414nam--2200145-i-4500</leader><controlfield tag="001">000045678</controlfield><controlfield tag="002">20161230</controlfield><controlfield tag="005">20161230201045</controlfield><controlfield tag="008">060222s1000------------r-----000-0-eng-d</controlfield><datafield ind1=" " ind2=" " tag="080"><subfield code="a">517.944:53.02</subfield></datafield><datafield ind1=" " ind2=" " tag="100"><subfield code="a">Tyn Myint-u</subfield></datafield><datafield ind1=" " ind2=" " tag="245"><subfield code="a">Partial differential equations of mathematical physics</subfield></datafield><datafield ind1=" " ind2=" " tag="260"><subfield code="a">New York, American Elsevier Publ.Co., 1973, Xiv+365p</subfield></datafield><datafield ind1=" " ind2=" " tag="852"><subfield code="a">41941</subfield><subfield code="c">517.9</subfield></datafield><datafield ind1=" " ind2=" " tag="CAT"><subfield code="a">Sys</subfield><subfield code="c">20081020</subfield><subfield code="h">133707</subfield></datafield></record></collection>